%YAML 1.1
%TAG !u! tag:unity3d.com,2011:
--- !u!1 &4155903061498139245
GameObject:
  m_ObjectHideFlags: 0
  m_CorrespondingSourceObject: {fileID: 0}
  m_PrefabInstance: {fileID: 0}
  m_PrefabAsset: {fileID: 0}
  serializedVersion: 6
  m_Component:
  - component: {fileID: 4155903061498139247}
  - component: {fileID: 4155903061498139240}
  - component: {fileID: 4155903061498139241}
  - component: {fileID: 4155903061498139244}
  - component: {fileID: 5895382718754064768}
  - component: {fileID: 7093668375311526445}
  - component: {fileID: -2529667187818434413}
  m_Layer: 0
  m_Name: Player
  m_TagString: Ball
  m_Icon: {fileID: 0}
  m_NavMeshLayer: 0
  m_StaticEditorFlags: 0
  m_IsActive: 1
--- !u!4 &4155903061498139247
Transform:
  m_ObjectHideFlags: 0
  m_CorrespondingSourceObject: {fileID: 0}
  m_PrefabInstance: {fileID: 0}
  m_PrefabAsset: {fileID: 0}
  m_GameObject: {fileID: 4155903061498139245}
  m_LocalRotation: {x: 0, y: 0, z: 0, w: 1}
  m_LocalPosition: {x: 0, y: 0, z: 0}
  m_LocalScale: {x: 0.9, y: 0.9, z: 0.9}
  m_Children:
  - {fileID: 196484398203545137}
  m_Father: {fileID: 0}
  m_RootOrder: 0
  m_LocalEulerAnglesHint: {x: 0, y: 0, z: 0}
--- !u!33 &4155903061498139240
MeshFilter:
  m_ObjectHideFlags: 0
  m_CorrespondingSourceObject: {fileID: 0}
  m_PrefabInstance: {fileID: 0}
  m_PrefabAsset: {fileID: 0}
  m_GameObject: {fileID: 4155903061498139245}
  m_Mesh: {fileID: 4300000, guid: 1adc6ff5609c84840a260aace22b0e14, type: 2}
--- !u!23 &4155903061498139241
MeshRenderer:
  m_ObjectHideFlags: 0
  m_CorrespondingSourceObject: {fileID: 0}
  m_PrefabInstance: {fileID: 0}
  m_PrefabAsset: {fileID: 0}
  m_GameObject: {fileID: 4155903061498139245}
  m_Enabled: 0
  m_CastShadows: 0
  m_ReceiveShadows: 1
  m_DynamicOccludee: 1
  m_MotionVectors: 1
  m_LightProbeUsage: 1
  m_ReflectionProbeUsage: 1
  m_RayTracingMode: 2
  m_RayTraceProcedural: 0
  m_RenderingLayerMask: 1
  m_RendererPriority: 0
  m_Materials:
  - {fileID: 2100000, guid: 45a8242b6eed02e43906c663473fb704, type: 2}
  m_StaticBatchInfo:
    firstSubMesh: 0
    subMeshCount: 0
  m_StaticBatchRoot: {fileID: 0}
  m_ProbeAnchor: {fileID: 0}
  m_LightProbeVolumeOverride: {fileID: 0}
  m_ScaleInLightmap: 1
  m_ReceiveGI: 1
  m_PreserveUVs: 0
  m_IgnoreNormalsForChartDetection: 0
  m_ImportantGI: 0
  m_StitchLightmapSeams: 0
  m_SelectedEditorRenderState: 3
  m_MinimumChartSize: 4
  m_AutoUVMaxDistance: 0.5
  m_AutoUVMaxAngle: 89
  m_LightmapParameters: {fileID: 0}
  m_SortingLayerID: 0
  m_SortingLayer: 0
  m_SortingOrder: 0
  m_AdditionalVertexStreams: {fileID: 0}
--- !u!114 &4155903061498139244
MonoBehaviour:
  m_ObjectHideFlags: 0
  m_CorrespondingSourceObject: {fileID: 0}
  m_PrefabInstance: {fileID: 0}
  m_PrefabAsset: {fileID: 0}
  m_GameObject: {fileID: 4155903061498139245}
  m_Enabled: 1
  m_EditorHideFlags: 0
  m_Script: {fileID: 11500000, guid: c5123ba1f3a1dea4ca0caa01db302348, type: 3}
  m_Name: 
  m_EditorClassIdentifier: 
  models:
  - {fileID: 0}
  rigidbody: {fileID: 5895382718754064768}
  collider: {fileID: 7093668375311526445}
  layer:
    serializedVersion: 2
    m_Bits: 1792
  layerBrick:
    serializedVersion: 2
    m_Bits: 512
  ballType: 0
  elementModel: []
  isContact: 0
  redColor: {r: 1, g: 0, b: 0, a: 1}
  blackColor: {r: 0.12156863, g: 0.12156863, b: 0.12156863, a: 1}
  currentColor: {r: 0, g: 0, b: 0, a: 0}
  isMoving: 0
  colliderBrick: {fileID: 0}
  isRemoveEvent: 0
  colliders: []
  mainChar: {fileID: 0}
--- !u!54 &5895382718754064768
Rigidbody:
  m_ObjectHideFlags: 0
  m_CorrespondingSourceObject: {fileID: 0}
  m_PrefabInstance: {fileID: 0}
  m_PrefabAsset: {fileID: 0}
  m_GameObject: {fileID: 4155903061498139245}
  serializedVersion: 2
  m_Mass: 1
  m_Drag: 0.1
  m_AngularDrag: 0
  m_UseGravity: 0
  m_IsKinematic: 0
  m_Interpolate: 0
  m_Constraints: 122
  m_CollisionDetection: 0
--- !u!65 &7093668375311526445
BoxCollider:
  m_ObjectHideFlags: 0
  m_CorrespondingSourceObject: {fileID: 0}
  m_PrefabInstance: {fileID: 0}
  m_PrefabAsset: {fileID: 0}
  m_GameObject: {fileID: 4155903061498139245}
  m_Material: {fileID: 0}
  m_IsTrigger: 1
  m_Enabled: 1
  serializedVersion: 2
  m_Size: {x: 0.9, y: 40, z: 0.9}
  m_Center: {x: 0, y: 0, z: 0}
--- !u!114 &-2529667187818434413
MonoBehaviour:
  m_ObjectHideFlags: 0
  m_CorrespondingSourceObject: {fileID: 0}
  m_PrefabInstance: {fileID: 0}
  m_PrefabAsset: {fileID: 0}
  m_GameObject: {fileID: 4155903061498139245}
  m_Enabled: 0
  m_EditorHideFlags: 0
  m_Script: {fileID: 11500000, guid: 5fea29bb7c508c244a1f805a5fd3fc4d, type: 3}
  m_Name: 
  m_EditorClassIdentifier: 
  outlineMode: 1
  outlineColor: {r: 0.9995656, g: 1, b: 0, a: 1}
  outlineWidth: 5
  precomputeOutline: 0
  bakeKeys: []
  bakeValues: []
--- !u!1 &8319961948056042235
GameObject:
  m_ObjectHideFlags: 0
  m_CorrespondingSourceObject: {fileID: 0}
  m_PrefabInstance: {fileID: 0}
  m_PrefabAsset: {fileID: 0}
  serializedVersion: 6
  m_Component:
  - component: {fileID: 196484398203545137}
  - component: {fileID: 2767690312984677369}
  - component: {fileID: 6032906397264077199}
  - component: {fileID: 529937407}
  m_Layer: 0
  m_Name: Ball (1)
  m_TagString: Untagged
  m_Icon: {fileID: 0}
  m_NavMeshLayer: 0
  m_StaticEditorFlags: 0
  m_IsActive: 1
--- !u!4 &196484398203545137
Transform:
  m_ObjectHideFlags: 0
  m_CorrespondingSourceObject: {fileID: 0}
  m_PrefabInstance: {fileID: 0}
  m_PrefabAsset: {fileID: 0}
  m_GameObject: {fileID: 8319961948056042235}
  m_LocalRotation: {x: 0, y: 0, z: 0, w: 1}
  m_LocalPosition: {x: 0, y: 0, z: 0}
  m_LocalScale: {x: 1, y: 0.9, z: 1}
  m_Children:
  - {fileID: 4582529369987912722}
  m_Father: {fileID: 4155903061498139247}
  m_RootOrder: 0
  m_LocalEulerAnglesHint: {x: 0, y: 0, z: 0}
--- !u!33 &2767690312984677369
MeshFilter:
  m_ObjectHideFlags: 0
  m_CorrespondingSourceObject: {fileID: 0}
  m_PrefabInstance: {fileID: 0}
  m_PrefabAsset: {fileID: 0}
  m_GameObject: {fileID: 8319961948056042235}
  m_Mesh: {fileID: 4300000, guid: 1adc6ff5609c84840a260aace22b0e14, type: 2}
--- !u!23 &6032906397264077199
MeshRenderer:
  m_ObjectHideFlags: 0
  m_CorrespondingSourceObject: {fileID: 0}
  m_PrefabInstance: {fileID: 0}
  m_PrefabAsset: {fileID: 0}
  m_GameObject: {fileID: 8319961948056042235}
  m_Enabled: 1
  m_CastShadows: 0
  m_ReceiveShadows: 1
  m_DynamicOccludee: 1
  m_MotionVectors: 1
  m_LightProbeUsage: 1
  m_ReflectionProbeUsage: 1
  m_RayTracingMode: 2
  m_RayTraceProcedural: 0
  m_RenderingLayerMask: 1
  m_RendererPriority: 0
  m_Materials:
  - {fileID: 2100000, guid: 45a8242b6eed02e43906c663473fb704, type: 2}
  m_StaticBatchInfo:
    firstSubMesh: 0
    subMeshCount: 0
  m_StaticBatchRoot: {fileID: 0}
  m_ProbeAnchor: {fileID: 0}
  m_LightProbeVolumeOverride: {fileID: 0}
  m_ScaleInLightmap: 1
  m_ReceiveGI: 1
  m_PreserveUVs: 0
  m_IgnoreNormalsForChartDetection: 0
  m_ImportantGI: 0
  m_StitchLightmapSeams: 0
  m_SelectedEditorRenderState: 3
  m_MinimumChartSize: 4
  m_AutoUVMaxDistance: 0.5
  m_AutoUVMaxAngle: 89
  m_LightmapParameters: {fileID: 0}
  m_SortingLayerID: 0
  m_SortingLayer: 0
  m_SortingOrder: 0
  m_AdditionalVertexStreams: {fileID: 0}
--- !u!114 &529937407
MonoBehaviour:
  m_ObjectHideFlags: 0
  m_CorrespondingSourceObject: {fileID: 0}
  m_PrefabInstance: {fileID: 0}
  m_PrefabAsset: {fileID: 0}
  m_GameObject: {fileID: 8319961948056042235}
  m_Enabled: 0
  m_EditorHideFlags: 0
  m_Script: {fileID: 11500000, guid: 5fea29bb7c508c244a1f805a5fd3fc4d, type: 3}
  m_Name: 
  m_EditorClassIdentifier: 
  outlineMode: 1
  outlineColor: {r: 0, g: 0, b: 0, a: 1}
  outlineWidth: 2
  precomputeOutline: 0
  bakeKeys: []
  bakeValues: []
--- !u!1001 &862551592206265548
PrefabInstance:
  m_ObjectHideFlags: 0
  serializedVersion: 2
  m_Modification:
    m_TransformParent: {fileID: 196484398203545137}
    m_Modifications:
    - target: {fileID: 2443471580966252917, guid: d3ec683b0b7fc7843bcdc8e915007744,
        type: 3}
      propertyPath: m_Layer
      value: 0
      objectReference: {fileID: 0}
    - target: {fileID: 2767808908127100454, guid: d3ec683b0b7fc7843bcdc8e915007744,
        type: 3}
      propertyPath: m_SizeDelta.x
      value: 120
      objectReference: {fileID: 0}
    - target: {fileID: 2767808908127100454, guid: d3ec683b0b7fc7843bcdc8e915007744,
        type: 3}
      propertyPath: m_SizeDelta.y
      value: 120
      objectReference: {fileID: 0}
    - target: {fileID: 3774029907949680862, guid: d3ec683b0b7fc7843bcdc8e915007744,
        type: 3}
      propertyPath: m_Pivot.x
      value: 0.5
      objectReference: {fileID: 0}
    - target: {fileID: 3774029907949680862, guid: d3ec683b0b7fc7843bcdc8e915007744,
        type: 3}
      propertyPath: m_Pivot.y
      value: 0.5
      objectReference: {fileID: 0}
    - target: {fileID: 3774029907949680862, guid: d3ec683b0b7fc7843bcdc8e915007744,
        type: 3}
      propertyPath: m_RootOrder
      value: 0
      objectReference: {fileID: 0}
    - target: {fileID: 3774029907949680862, guid: d3ec683b0b7fc7843bcdc8e915007744,
        type: 3}
      propertyPath: m_AnchorMax.x
      value: 0
      objectReference: {fileID: 0}
    - target: {fileID: 3774029907949680862, guid: d3ec683b0b7fc7843bcdc8e915007744,
        type: 3}
      propertyPath: m_AnchorMax.y
      value: 0
      objectReference: {fileID: 0}
    - target: {fileID: 3774029907949680862, guid: d3ec683b0b7fc7843bcdc8e915007744,
        type: 3}
      propertyPath: m_AnchorMin.x
      value: 0
      objectReference: {fileID: 0}
    - target: {fileID: 3774029907949680862, guid: d3ec683b0b7fc7843bcdc8e915007744,
        type: 3}
      propertyPath: m_AnchorMin.y
      value: 0
      objectReference: {fileID: 0}
    - target: {fileID: 3774029907949680862, guid: d3ec683b0b7fc7843bcdc8e915007744,
        type: 3}
      propertyPath: m_SizeDelta.x
      value: 500
      objectReference: {fileID: 0}
    - target: {fileID: 3774029907949680862, guid: d3ec683b0b7fc7843bcdc8e915007744,
        type: 3}
      propertyPath: m_SizeDelta.y
      value: 500
      objectReference: {fileID: 0}
    - target: {fileID: 3774029907949680862, guid: d3ec683b0b7fc7843bcdc8e915007744,
        type: 3}
      propertyPath: m_LocalPosition.x
      value: 0
      objectReference: {fileID: 0}
    - target: {fileID: 3774029907949680862, guid: d3ec683b0b7fc7843bcdc8e915007744,
        type: 3}
      propertyPath: m_LocalPosition.y
      value: 0
      objectReference: {fileID: 0}
    - target: {fileID: 3774029907949680862, guid: d3ec683b0b7fc7843bcdc8e915007744,
        type: 3}
      propertyPath: m_LocalPosition.z
      value: 0
      objectReference: {fileID: 0}
    - target: {fileID: 3774029907949680862, guid: d3ec683b0b7fc7843bcdc8e915007744,
        type: 3}
      propertyPath: m_LocalRotation.w
      value: 0.7071068
      objectReference: {fileID: 0}
    - target: {fileID: 3774029907949680862, guid: d3ec683b0b7fc7843bcdc8e915007744,
        type: 3}
      propertyPath: m_LocalRotation.x
      value: 0.7071068
      objectReference: {fileID: 0}
    - target: {fileID: 3774029907949680862, guid: d3ec683b0b7fc7843bcdc8e915007744,
        type: 3}
      propertyPath: m_LocalRotation.y
      value: 0
      objectReference: {fileID: 0}
    - target: {fileID: 3774029907949680862, guid: d3ec683b0b7fc7843bcdc8e915007744,
        type: 3}
      propertyPath: m_LocalRotation.z
      value: 0
      objectReference: {fileID: 0}
    - target: {fileID: 3774029907949680862, guid: d3ec683b0b7fc7843bcdc8e915007744,
        type: 3}
      propertyPath: m_AnchoredPosition.x
      value: 0
      objectReference: {fileID: 0}
    - target: {fileID: 3774029907949680862, guid: d3ec683b0b7fc7843bcdc8e915007744,
        type: 3}
      propertyPath: m_AnchoredPosition.y
      value: 0.6
      objectReference: {fileID: 0}
    - target: {fileID: 3774029907949680862, guid: d3ec683b0b7fc7843bcdc8e915007744,
        type: 3}
      propertyPath: m_LocalEulerAnglesHint.x
      value: 90
      objectReference: {fileID: 0}
    - target: {fileID: 3774029907949680862, guid: d3ec683b0b7fc7843bcdc8e915007744,
        type: 3}
      propertyPath: m_LocalEulerAnglesHint.y
      value: 0
      objectReference: {fileID: 0}
    - target: {fileID: 3774029907949680862, guid: d3ec683b0b7fc7843bcdc8e915007744,
        type: 3}
      propertyPath: m_LocalEulerAnglesHint.z
      value: 0
      objectReference: {fileID: 0}
    - target: {fileID: 6565010088203655590, guid: d3ec683b0b7fc7843bcdc8e915007744,
        type: 3}
      propertyPath: m_Text
      value: 1
      objectReference: {fileID: 0}
    - target: {fileID: 6565010088203655590, guid: d3ec683b0b7fc7843bcdc8e915007744,
        type: 3}
      propertyPath: m_FontData.m_Font
      value: 
      objectReference: {fileID: 12800000, guid: 159fca3b935329e47991e0590ffff6dd,
        type: 3}
    - target: {fileID: 6565010088203655590, guid: d3ec683b0b7fc7843bcdc8e915007744,
        type: 3}
      propertyPath: m_FontData.m_MaxSize
      value: 120
      objectReference: {fileID: 0}
    - target: {fileID: 6565010088203655590, guid: d3ec683b0b7fc7843bcdc8e915007744,
        type: 3}
      propertyPath: m_FontData.m_FontSize
      value: 120
      objectReference: {fileID: 0}
    - target: {fileID: 8765450269405729535, guid: d3ec683b0b7fc7843bcdc8e915007744,
        type: 3}
      propertyPath: m_Name
      value: Canvas
      objectReference: {fileID: 0}
    - target: {fileID: 8765450269405729535, guid: d3ec683b0b7fc7843bcdc8e915007744,
        type: 3}
      propertyPath: m_Layer
      value: 0
      objectReference: {fileID: 0}
    m_RemovedComponents: []
  m_SourcePrefab: {fileID: 100100000, guid: d3ec683b0b7fc7843bcdc8e915007744, type: 3}
--- !u!224 &4582529369987912722 stripped
RectTransform:
  m_CorrespondingSourceObject: {fileID: 3774029907949680862, guid: d3ec683b0b7fc7843bcdc8e915007744,
    type: 3}
  m_PrefabInstance: {fileID: 862551592206265548}
  m_PrefabAsset: {fileID: 0}
